@book{stallings5,
	title={Cryptography and Network Security: Principles and Practice},
	author={Stallings, W.},
	isbn={9780136097044},
	lccn={2011286361},
	url={http://books.google.com.bd/books?id=wwfTvrWEKVwC},
	year={2011},
	edition={5th},
	publisher={Prentice Hall}
}
@book{kaltz,
	title={Introduction to Modern Cryptography: Principles and Protocols},
	author={Katz, J. and Lindell, Y.},
	isbn={9781584885511},
	lccn={2007017861},
	series={Chapman \& Hall/CRC Cryptography and Network Security Series},
	url={http://books.google.com.bd/books?id=TTtVKHdOcDoC},
	year={2007},
	publisher={Taylor \& Francis},
	edition={1st}
}
@Article{boneh,
	journal = {The Proceedings of the International Conference on the Theory and Application of Cryptographic Techniques (EUROCRYPT'97)},
	year = {1997},
	title = {{On the Importance of Checking Cryptographic Protocols for Faults}},
	pages = {37-51},
	author = {D. Boneh, R. DeMillo and R. Lipton}
}
@inproceedings{merling,
  title={Design principles for tamper-resistant smartcard processors},
  author={K{\"o}mmerling, Oliver and Kuhn, Markus G},
  booktitle={Proceedings of the USENIX Workshop on Smartcard Technology on USENIX Workshop on Smartcard Technology},
  pages={2--2},
  year={1999},
  organization={USENIX Association}
}
@inproceedings{kocher,
  title={Timing attacks on implementations of Diffie-Hellman, RSA, DSS, and other systems},
  author={Kocher, Paul C},
  booktitle={Advances in Cryptology-CRYPTO'96},
  pages={104--113},
  year={1996},
  organization={Springer}
}
@article{mit,
  title={A method for obtaining digital signatures and public-key cryptosystems},
  author={Rivest, Ronald L and Shamir, Adi and Adleman, Len},
  journal={Communications of the ACM},
  volume={21},
  number={2},
  pages={120--126},
  year={1978},
  publisher={ACM}
}

@article{em,
  title={EMpowering Side-Channel Attacks},
  author={Rao, Josyula R and Rohatgi, Pankaj},
  journal={IACR Cryptology ePrint Archive},
  volume={2001},
  pages={37},
  year={2001}
}
@incollection{scards,
  title={Electromagnetic analysis (ema): Measures and counter-measures for smart cards},
  author={Quisquater, Jean-Jacques and Samyde, David},
  booktitle={Smart Card Programming and Security},
  pages={200--210},
  year={2001},
  publisher={Springer}
}
@inproceedings{em2,
  title={Electromagnetic analysis: Concrete results},
  author={Gandolfi, Karine and Mourtel, Christophe and Olivier, Francis},
  booktitle={Cryptographic Hardware and Embedded Systems-CHES 2001},
  pages={251--261},
  year={2001},
  organization={Springer}
}
@inproceedings{cipher,
  title={The block cipher Square},
  author={Daemen, Joan and Knudsen, Lars and Rijmen, Vincent},
  booktitle={Fast Software Encryption},
  pages={149--165},
  year={1997},
  organization={Springer}
}
@book{sidechan,
  title={Introduction to VLSI systems},
  author={Mead, Carver and Conway, Lynn},
  volume={1080},
  year={1980},
  publisher={Addison-Wesley Reading, MA}
}


@misc{rinj4,
  title = {{Rijndeal-amended}},
  howpublished = {\url{http://csrc.nist.gov/archive/aes/rijndael/Rijndael-ammended.pdf}},
  note = {Accessed: 2014-03-25}
}




@misc{spadavecchia2006network,
  title={A Network-based Asynchronous Architecture for Cryptographic Devices},
  author={Spadavecchia, Ljiljana},
  year={2006},
  publisher={University of Edinburgh. College of Science and Engineering. School of Informatics.}
}
@misc{bernstein2005cache,
  title={Cache-timing attacks on AES},
  author={Bernstein, Daniel J},
  year={2005}
}

@incollection{tsunoo2003cryptanalysis,
  title={Cryptanalysis of DES implemented on computers with cache},
  author={Tsunoo, Yukiyasu and Saito, Teruo and Suzaki, Tomoyasu and Shigeri, Maki and Miyauchi, Hiroshi},
  booktitle={Cryptographic Hardware and Embedded Systems-CHES 2003},
  pages={62--76},
  year={2003},
  publisher={Springer}
}

@incollection{bonneau2006cache,
  title={Cache-collision timing attacks against AES},
  author={Bonneau, Joseph and Mironov, Ilya},
  booktitle={Cryptographic Hardware and Embedded Systems-CHES 2006},
  pages={201--215},
  year={2006},
  publisher={Springer}
}

@book{daemen2002design,
  title={The design of Rijndael: AES-the advanced encryption standard},
  author={Daemen, Joan and Rijmen, Vincent},
  year={2002},
  publisher={Springer}
}

@article{osvik,
  title={Efficient cache attacks on AES, and countermeasures},
  author={Tromer, Eran and Osvik, Dag Arne and Shamir, Adi},
  journal={Journal of Cryptology},
  volume={23},
  number={1},
  pages={37--71},
  year={2010},
  publisher={Springer}
}
@inproceedings{acii,
  title={Yet another microarchitectural attack:: exploiting I-cache},
  author={Acii{\c{c}}mez, Onur},
  booktitle={Proceedings of the 2007 ACM workshop on Computer security architecture},
  pages={11--18},
  year={2007},
  organization={ACM}
}

@inproceedings{getoffmycloud,
  title={Hey, you, get off of my cloud: exploring information leakage in third-party compute clouds},
  author={Ristenpart, Thomas and Tromer, Eran and Shacham, Hovav and Savage, Stefan},
  booktitle={Proceedings of the 16th ACM conference on Computer and communications security},
  pages={199--212},
  year={2009},
  organization={ACM}
}
@inproceedings{crossvm,
  title={Cross-VM side channels and their use to extract private keys},
  author={Zhang, Yinqian and Juels, Ari and Reiter, Michael K and Ristenpart, Thomas},
  booktitle={Proceedings of the 2012 ACM conference on Computer and communications security},
  pages={305--316},
  year={2012},
  organization={ACM}
}
@phdthesis{paladi,
  title={Trusted Computing and Secure Virtualization in Cloud Computing},
  author={Paladi, Nicolae},
  year={2012},
  school={Lule{\aa} University of Technology}
}
@inproceedings{rudra2001efficient,
  title={Efficient Rijndael encryption implementation with composite field arithmetic},
  author={Rudra, Atri and Dubey, Pradeep K and Jutla, Charanjit S and Kumar, Vijay and Rao, Josyula R and Rohatgi, Pankaj},
  booktitle={Cryptographic Hardware and Embedded Systems—CHES 2001},
  pages={171--184},
  year={2001},
  organization={Springer}
}
@inproceedings{matsui2006far,
  title={How far can we go on the x64 processors?},
  author={Matsui, Mitsuru},
  booktitle={Fast Software Encryption},
  pages={341--358},
  year={2006},
  organization={Springer}
}
@incollection{matsui2007power,
  title={On the power of bitslice implementation on Intel Core2 processor},
  author={Matsui, Mitsuru and Nakajima, Junko},
  booktitle={Cryptographic Hardware and Embedded Systems-CHES 2007},
  pages={121--134},
  year={2007},
  publisher={Springer}
}
@incollection{konighofer2008fast,
  title={A fast and cache-timing resistant implementation of the AES},
  author={K{\"o}nighofer, Robert},
  booktitle={Topics in Cryptology--CT-RSA 2008},
  pages={187--202},
  year={2008},
  publisher={Springer}
}
@misc{meushaw2005device,
  title={Device for and method of secure computing using virtual machines},
  author={Meushaw, Robert V and Schneider, Mark S and Simard, Donald N and Wagner, Grant M},
  year={2005},
  month=jul # "~26",
  publisher={Google Patents},
  note={US Patent 6,922,774}
}




@article{mars1998proposal,
  title={MARS-a candidate cipher for AES},
  author={Burwick, Carolynn and Coppersmith, Don and D’Avignon, Edward and Gennaro, Rosario and Halevi, Shai and Jutla, Charanjit and Matyas Jr, Stephen M and O’Connor, Luke and Peyravian, Mohammad and Safford, David and others},
  journal={NIST AES Proposal},
  volume={268},
  year={1998}
}
@article{rijndael1998proposal,
  title={AES proposal: Rijndael},
  author={Daemen, Joan and Rijmen, Vincent},
  journal={NIST AES Proposal},
  year={1998}
}
@article{serpent1998proposal,
  title={Serpent: A proposal for the advanced encryption standard},
  author={Anderson, Ross and Biham, Eli and Knudsen, Lars},
  journal={NIST AES Proposal},
  volume={174},
  year={1998}
}
@article{twofish1998proposal,
  title={Twofish: A 128-bit block cipher},
  author={Schneier, Bruce and Kelsey, John and Whiting, Doug and Wagner, David and Hall, Chris and Ferguson, Niels},
  journal={NIST AES Proposal},
  volume={15},
  year={1998}
}
@article{fips,
  title={197: Advanced encryption standard (AES)},
  author={Pub, NIST FIPS},
  journal={Federal Information Processing Standards Publication},
  volume={197},
  pages={441--0311},
  year={2001}
}
@misc{admire,
  author = {Bruce Schneier},
  title = {{Schneier on Security: Crypto-Gram}},
  howpublished = "\url{https://www.schneier.com/crypto-gram-0010.html}",
  year = {2000}, 
  note = "[Online; accessed 19-June-2014]"
}

@incollection{osvikold,
  title={Cache attacks and countermeasures: the case of AES},
  author={Osvik, Dag Arne and Shamir, Adi and Tromer, Eran},
  booktitle={Topics in Cryptology--CT-RSA 2006},
  pages={1--20},
  year={2006},
  publisher={Springer}
}